@article{flynntax,
	author =       "Michael J. Flynn",
	title =        "Some Computer Organizations and Their Effectiveness",
	journal =      "IEEE Transactions on Computers",
	volume =       "C-21",
	number =       "9",
	pages =        "948â€“960",
	year =         "1972",
	DOI =          "10.1109/TC.1972.5009071"
}
@misc{axv512,
	title = "Linus {Torvalds} on {AXV}-512",
	howpublished = "\url{https://www.phoronix.com/scan.php?page=news_item&px=Linus-Torvalds-On-AVX-512}",
	note = "(accessed: 29.11.2020)",
}
@misc{cuda,
	title = "{NVIDIA} {CUDA}",
	howpublished = "\url{https://developer.nvidia.com/cuda-zone}",
	note = "(accessed: 29.11.2020)",
}
@misc{opencl,
	title = "{OpenCL}",
	howpublished = "\url{https://www.khronos.org/opencl/}",
	note = "(accessed: 29.11.2020)",
}
@book{c,
	title="{The {C} programming language}",
	author={Kernighan, Brian W and Ritchie, Dennis M},
	isbn={9780131101630},
	publisher={Prentice Hall},
	year={1988}
}
@article{james,
	author = {James, Fred},
	year = {1980},
	month = {09},
	pages = {1145-1189},
	title = {Monte {Carlo} theory and practice},
	volume = {43},
	isbn = {978-981-02-0867-7},
	journal = {Reports on Progress in Physics - REP PROGR PHYS},
	doi = {10.1088/0034-4885/43/9/002}
}
@article{vegas,
	title = {A new algorithm for adaptive multidimensional integration},
	journal = {Journal of Computational Physics},
	volume = {27},
	number = {2},
	pages = {192-203},
	year = {1978},
	issn = {0021-9991},
	doi = {https://doi.org/10.1016/0021-9991(78)90004-9},
	url = {https://www.sciencedirect.com/science/article/pii/0021999178900049},
	author = {G {Peter Lepage}},
}
@misc{tensorflow,
	title = "Tensorflow",
	howpublished = "\url{https://www.tensorflow.org/}",
	note = "(accessed: 02.09.2021)",
}
